<?xml version="1.0" encoding="UTF-8"?><collection xmlns="http://www.loc.gov/MARC21/slim"><record><leader>00319nam--2200121-i-4500</leader><controlfield tag="001">000038234</controlfield><controlfield tag="002">20161230</controlfield><controlfield tag="005">20161230201041</controlfield><controlfield tag="008">060222s1000------------r-----000-0-eng-d</controlfield><datafield ind1=" " ind2=" " tag="100"><subfield code="a">Reinboth, H</subfield></datafield><datafield ind1=" " ind2=" " tag="245"><subfield code="a">Technologie und anwendung magnetischer werkstoffe</subfield></datafield><datafield ind1=" " ind2=" " tag="260"><subfield code="a">Berlin, Veb Verlag Technik, 1958, 375p</subfield></datafield><datafield ind1=" " ind2=" " tag="852"><subfield code="a">7379</subfield></datafield></record></collection>